@MISC{cern_press_incident08,
  author = {{CERN Press Release}},
  title = {Incident in {LHC} sector 3-4},
  howpublished = {PR09.08},
  year = {September 20, 2008}
}

@MISC{cern_press_firstCollisions,
  author = {{CERN Press Release}},
  title = {Two circulating beams bring first collisions in the {LHC}},
  howpublished = {PR17.09},
  year = {November 23, 2009}
}

@MISC{accelerator_complex,
  author = {{CERN Hompage}},
  title = {CERN accelerator complex},
  note = {\url{http://project-integration-accelerateurs.web.cern.ch/project-Integration-Accelerateurs/frame_integration.htm}},
  year = {June 27, 2012}
}

@article{Beringer:1900zz,
      author         = "Beringer, J. and others",
      title          = "{Review of Particle Physics (RPP)}",
      collaboration  = "Particle Data Group",
      journal        = "Phys.Rev.",
      volume         = "D86",
      pages          = "010001",
      doi            = "10.1103/PhysRevD.86.010001",
      year           = "2012",
      SLACcitation   = "%%CITATION = PHRVA,D86,010001;%%",
}

@BOOK{LHC_TDR,
  author = {Br\"uning, O and others},
  title = {LHC design report},
  publisher = {CERN 2004-003},
  year = {June 27, 2012}
}


@misc{SWB-443001251,
title = {Statistical Methods for Data Analysis in Particle Physics},
series = {Lecture Notes in Physics ; 909},
author = {Lista, Luca},
address = {Cham},
publisher = {Springer},
year = {2016},
edition = {1st ed. 2016},
isbn = {978-331-92017-6-4},
size = {Online-Ressource (XIX, 172 p. 63 illus., 59 illus. in color, online resource)},
keywords = { ; Quantum theory / Physics},
bestand = {Bibliotheksservice-Zentrum <576>;
Universitätsbibliothek Heidelberg <16>;
Karlsruher Institut für Technologie (KIT) - KIT-Bibliothek <90>;
Universitätsbibliothek Stuttgart <93>;
},
URL = {http://swbplus.bsz-bw.de/bsz443001251cov.htmhttp://dx.doi.org/10.1007/978-3-319-20176-4},
}

@misc{SWB-427134226,
title = {Applied Multivariate Statistical Analysis},
series = {SpringerLink : Bücher},
author = {Härdle, Wolfgang Karl},
editor = {Simar, Léopold},
address = {Berlin, Heidelberg},
publisher = {Springer},
year = {2015},
edition = {4th ed. 2015},
isbn = {978-366-24517-1-7},
size = {Online-Ressource (XIII, 580 p. 221 illus., 83 illus. in color, online resource)},
keywords = {Multivariate Analyse / Lehrbuch ; Finance / Mathematical statistics / Economics / Economics / Statistics ; Multivariate Analyse / Lehrbuch},
bestand = {Bibliotheksservice-Zentrum <576>;
Universitätsbibliothek Freiburg <25>;
Universität Konstanz, Kommunikations-, Informations-, Medienzentrum (KIM), <352E>;
Universität Mannheim, Universitätsbibliothek <180>;
Universitätsbibliothek Heidelberg <16>;
Karlsruher Institut für Technologie (KIT) - KIT-Bibliothek <90>;
Universitätsbibliothek Stuttgart <93>;
Medizinische Fakultät Mannheim der Universität Heidelberg <16/300>;
},
URL = {http://swbplus.bsz-bw.de/bsz427134226cov.htmhttp://dx.doi.org/10.1007/978-3-662-45171-7},
}


@misc{SWB-39819646X,
title = {Teilchen und Kerne : Eine Einführung in die physikalischen Konzepte},
series = {Springer-LehrbuchSpringerLink : Bücher},
author = {Povh, Bogdan},
editor = {Rith, Klaus and Scholz, Christoph and Zetsche, Frank and Rodejohann, Werner},
address = {Berlin, Heidelberg},
publisher = {Springer Spektrum},
year = {2014},
edition = {9. Aufl. 2014},
isbn = {978-364-23782-2-5},
size = {Online-Ressource (XII, 467 S. 160 Abb, online resource)},
keywords = {Elementarteilchenphysik / Lehrbuch ; Kernphysik / Lehrbuch ; Nuclear physics / Physics},
bestand = {Bibliotheksservice-Zentrum <576>;
Universitätsbibliothek Tübingen <21>;
Universitätsbibliothek Freiburg <25>;
Saarländische Universitäts- und Landesbibliothek <291>;
Universität Konstanz, Kommunikations-, Informations-, Medienzentrum (KIM), <352E>;
Universität Mannheim, Universitätsbibliothek <180>;
Universitätsbibliothek Leipzig <15>;
Universitätsbibliothek Heidelberg <16>;
Karlsruher Institut für Technologie (KIT) - KIT-Bibliothek <90>;
Universitätsbibliothek Stuttgart <93>;
Universitätsbibliothek Chemnitz <Ch 1>;
TU Bergakademie Freiberg, Universitätsbibliothek <105>;
Pädagogische Hochschule Weingarten, Hochschulbibliothek <747> [Signatur: eBook Springer];
Hochschule Mittweida, Hochschulbibliothek <Mit 1>;
Westsächsische Hochschule Zwickau <Zwi 2> [Signatur: Springer E-Book];
Hochschule Zittau/Görlitz - Hochschulbibliothek <Zi 4>;
Hochschulbibliothek Heilbronn <840> [Signatur: Springer E-Book];
Hochschule für Technik, Wirtschaft und Kultur Leipzig <L 189>;
Hochschulbibliothek Konstanz - <Kon 4> [Signatur: eBook Springer];
Hochschule für Technik und Wirtschaft <520> [Signatur: eBook Springer];
Hochschule Mannheim, Hochschulbibliothek <953> [Signatur: eBook Springer];
Hochschule Furtwangen, Hochschule für Technik und Wirtschaft <Fn 1> [Signatur: eBook Springer];
Duale Hochschule Baden-Württemberg Stuttgart <Stg 259> [Signatur: eBook Springer];
Hochschule Aalen <944> [Signatur: E-Book Springer];
Hochschule für Technik Stuttgart <1033> [Signatur: Springer eBook];
Hochschule Esslingen <753> [Signatur: E-Book Springer];
Hochschule Ulm, Hochschule für Technik <943> [Signatur: eBook Springer];
Hochschule Offenburg <Ofb 1> [Signatur: E-Book Springer];
Berufsakademie Sachsen, Staatliche Studienakademie Dresden <D 161>;
Berufsakademie Sachsen, Staatliche Studienakademie Leipzig <L 229>;
Berufsakademie Sachsen, Staatliche Studienakademie <Brt 1>;
Berufsakademie Sachsen, Staatliche Studienakademie Glauchau <Gla 1>;
Berufsakademie Sachsen, Staatliche Studienakademie Bautzen <Bn 3>;
Berufsakademie Sachsen, Staatliche Studienakademie Riesa <Rs 1>;
Medizinische Fakultät Mannheim der Universität Heidelberg <16/300>;
Hochschule für Forstwirtschaft <955>;
Duale Hochschule Baden-Württemberg Mosbach <941> [Signatur: e-Book Springer];
Duale Hochschule Baden-Württemberg Heidenheim <Hed 2> [Signatur: e-Book Springer];
Duale Hochschule Baden-Württemberg Stuttgart, <Stg 258> [Signatur: eBook Springer];
Berufsakademie Sachsen, Staatliche Studienakademie Plauen <Pl 11>;
Ev. Hochschule für Soziale Arbeit Dresden, Bibliothek <D 275>;
Hochschulbibliothek ZHAW, Winterthur <CH-ZHAW>;
Zentrum für Wissensmanagement, Bibliothek Hamm <1871> [Signatur: eBook Springer];
Duale Hochschule Baden-Württemberg Heilbronn <2170> [Signatur: e-Book Springer];
},
URL = {http://swbplus.bsz-bw.de/bsz39819646xcov.htmhttp://dx.doi.org/10.1007/978-3-642-37822-5},
}


@article{O'Luanaigh:1997201,
      author        = "Cian O'Luanaigh",
      title         = "{The Standard Model}",
      month         = "Jan",
      year          = "2012",
      url           = "http://cds.cern.ch/record/1997201",
}





